@book{NN_book,
  author = {R. Rojas},
  title = {Neural Networks},
  publisher = {Springer-Verlag},
  year = {1996},
  address = {Berlin},
}

@article{K1,
  author = {Bottou, Léon and Bousquet, Olivier},
  title = {The Tradeoffs of Large Scale Learning},
  year = {2007},
}

@article{backprop,
  author = {Annette Lopez Davila and Professor Chi-Kwong Li},
  title = {Neural Networks: The Professor Chi-Kwong Li Algorithm},
  journal = {Math 400, College of William and Mary},
}

@article{handwritten,
  author = {Ritik Dixit and Rishika Kushwah and Samay Pashine},
  title = {Handwritten Digit Recognition using Machine and Deep Learning Algorithms},
  journal = {Computer Science and Engineering Acropolis Institute of Technology \& Research, Indore, India},
}

@article{cnn_overview,
  author = {Rikiya Yamashita and Mizuho Nishio and Richard Kinh Gian Do and Kaori Togashi},
  title = {Convolutional neural networks: an overview and application in radiology},
  journal = {Insights into Imaging},
  volume = {9},
  pages = {611–629},
  year = {2018},
}

@article{AP,
  author = {Jesús María Romero Riveros and Prof. Piero Fraternali},
  title = {A metric evaluation framework for object detection},
}

@article{yolo1,
  author = {Santosh Divvala and Ross Girshick and Ali Farhadi},
  title = {You Only Look Once: Unified, Real-Time Object Detection},
  institution = {University of Washington, Allen Institute for AI, Facebook AI Research},
}

@article{YOLO-story,
  author = {Juan R. Terven and Diana M. Cordova-Esparaza},
  title = {A comprehensive review of YOLO: From YOLOv1 to YOLOv8 and beyond},
}

@article{YOLOv7_paper,
  author = {Chien-Yao Wang and Alexey Bochkovskiy and Hong-Yuan Mark Liao},
  title = {YOLOv7: Trainable bag-of-freebies sets new state-of-the-art for real-time object detectors},
  institution = {Institute of Information Science, Academia Sinica, Taiwan},
}

@article{elan,
  author = {Chien-Yao Wang and Hong-Yuan Mark Liao and I-Hau Yeh},
  title = {Designing Network Design Strategies Through Gradient Path Analysis},
  institution = {Institute of Information Science, Academia Sinica, Taiwan Elan Microelectronics Corporation, Taiwan},
}

@article{regression,
  author = {Tania Cerquitelli and Elena Baralis},
  title = {Regression Analysis: Fundamentals},
  institution = {Politecnico di Torino},
}

@article{ensemble,
  author = {Lee, H.-L. and Kim, J.-S. and Hong, C.-H. and Cho, D.-K.},
  title = {Ensemble Learning Approach for the Prediction of Quantitative Rock Damage Using Various Acoustic Emission},
}

@article{random_forest,
  author = {Adele Cutler and David Richard Cutler and John R Stevens},
  title = {Ensemble Machine Learning: Methods and Applications},
  pages = {157-176},
}

@article{gradient_boosting,
  author = {Cheng Li},
  title = {A Gentle Introduction to Gradient Boosting},
  institution = {College of Computer and Information Science, Northeastern University},
}

@article{XGBoost,
  author = {Tianqi Chen and Carlos Guestrin},
  title = {XGBoost: A Scalable Tree Boosting System},
  institution = {University of Washington},
}

@article{Forni,
  author = {Tommaso Forni and Matteo Baldoni and Francesco Mercuri},
  title = {GrapheNet: A Novel Deep Learning Model for Predicting Physical and Electronic Properties of 2D Materials Using Images},
}
